@Book{xie2015,
  title = {Dynamic Documents with {R} and knitr},
  author = {Yihui Xie},
  publisher = {Chapman and Hall/CRC},
  address = {Boca Raton, Florida},
  year = {2015},
  edition = {2nd},
  note = {ISBN 978-1498716963},
  url = {http://yihui.name/knitr/},
}

@book{fosbook,
  title = {Foundations of Statistics with {R}},
  author = {Speegle, Darrin and Clair, Bryan},
  publisher = {Chapman and Hall/CRC},
  year = {to appear},
  url = {https://mathstat.slu.edu/~speegle/_book/}
}