@book{rootabaga,
title="Rootabaga Stories",
author="Sandburg, Carl",
year=1922,
publisher={Harcourt, Brace, and Company}
}
@book{pnp,
title={Pride and Prejudice: a Novel. In Three Volumes : By the Author of "Sense and Sensibility"},
author="Austen, Jane",
year=1813,
publisher="London :Printed for T. Egerton, Military Library, Whitehall"
}
@Book{Bill86,
  Title                    = {Probability and Measure},
  Author                   = {Patrick Billingsley},
  Publisher                = {John Wiley and Sons},
  Year                     = {1986},
  Edition                  = {Second}
}